<record><leader>01510cas a2200445   4500</leader><controlfield tag="001">264406</controlfield><controlfield tag="005">20150128085207.0</controlfield><controlfield tag="008">750505d19651976ne br p       0   a0eng d</controlfield><datafield ind1=" " ind2=" " tag="010"><subfield code="a">   68005459 </subfield></datafield><datafield ind1=" " ind2=" " tag="022"><subfield code="a">0015-900X</subfield></datafield><datafield ind1=" " ind2=" " tag="035"><subfield code="a">(CStRLIN)NYCX1313337S</subfield></datafield><datafield ind1=" " ind2=" " tag="035"><subfield code="a">(NIC)notisABC9706</subfield></datafield><datafield ind1=" " ind2=" " tag="035"><subfield code="a">(OCoLC)1313337</subfield></datafield><datafield ind1=" " ind2=" " tag="035"><subfield code="a">264406</subfield></datafield><datafield ind1=" " ind2=" " tag="040"><subfield code="a">FGULS</subfield><subfield code="c">FGULS</subfield><subfield code="d">CtY</subfield><subfield code="d">OCoLC</subfield><subfield code="d">CtY</subfield><subfield code="d">NIC</subfield><subfield code="d">CStRLIN</subfield></datafield><datafield ind1="0" ind2=" " tag="050"><subfield code="a">P1.A1</subfield><subfield code="b">F6</subfield></datafield><datafield ind1=" " ind2=" " tag="082"><subfield code="a">410/.5</subfield></datafield><datafield ind1="0" ind2="0" tag="222"><subfield code="a">Foundations of language</subfield></datafield><datafield ind1="0" ind2="0" tag="245"><subfield code="a">Foundations of language.</subfield></datafield><datafield ind1=" " ind2=" " tag="260"><subfield code="a">Dordrecht,</subfield><subfield code="a">Boston,</subfield><subfield code="b">D. Reidel Pub. Co.</subfield></datafield><datafield ind1=" " ind2=" " tag="300"><subfield code="a">14 v.</subfield><subfield code="c">25 cm.</subfield></datafield><datafield ind1=" " ind2=" " tag="310"><subfield code="a">Bimonthly</subfield><subfield code="b">&lt;, Jan. 1975-   &gt;</subfield></datafield><datafield ind1=" " ind2=" " tag="321"><subfield code="a">Quarterly,</subfield><subfield code="b">Jan. 1965-</subfield></datafield><datafield ind1="0" ind2=" " tag="362"><subfield code="a">v.1-14; Jan. 1965-76.</subfield></datafield><datafield ind1=" " ind2=" " tag="500"><subfield code="a">"International journal of language and philosophy."</subfield></datafield><datafield ind1=" " ind2="0" tag="650"><subfield code="a">Linguistics</subfield><subfield code="x">Periodicals.</subfield></datafield><datafield ind1=" " ind2="0" tag="650"><subfield code="a">Language and languages</subfield><subfield code="x">Philosophy</subfield><subfield code="x">Periodicals.</subfield></datafield><datafield ind1=" " ind2="7" tag="650"><subfield code="a">Language and languages</subfield><subfield code="x">Philosophy</subfield><subfield code="2">fast</subfield><subfield code="0">(OCoLC)fst00992193</subfield></datafield><datafield ind1=" " ind2="7" tag="650"><subfield code="a">Linguistics</subfield><subfield code="2">fast</subfield><subfield code="0">(OCoLC)fst00999202</subfield></datafield><datafield ind1=" " ind2="7" tag="655"><subfield code="a">Periodicals</subfield><subfield code="2">fast</subfield><subfield code="0">(OCoLC)fst01411641</subfield></datafield><datafield ind1="1" ind2=" " tag="770"><subfield code="t">Foundations of language. Supplementary series</subfield></datafield><datafield ind1="0" ind2="2" tag="785"><subfield code="t">Studies in language</subfield></datafield><datafield ind1="0" ind2="0" tag="853"><subfield code="8">1</subfield><subfield code="a">v.</subfield><subfield code="i">(year)</subfield></datafield><datafield ind1="4" ind2="0" tag="863"><subfield code="8">1</subfield><subfield code="a">1-14</subfield><subfield code="i">1965-1976</subfield></datafield><datafield ind1=" " ind2=" " tag="905"><subfield code="a">19921124120000.0</subfield></datafield><datafield ind1="2" ind2=" " tag="948"><subfield code="a">20130930</subfield><subfield code="b">w</subfield><subfield code="d">cac2</subfield><subfield code="e">lts</subfield></datafield><datafield ind1="2" ind2=" " tag="948"><subfield code="a">20141103</subfield><subfield code="b">m</subfield><subfield code="d">batch</subfield><subfield code="e">lts</subfield><subfield code="x">addfast</subfield></datafield><datafield ind1="2" ind2=" " tag="948"><subfield code="a">20150128</subfield><subfield code="b">w</subfield><subfield code="d">cac2</subfield><subfield code="e">lts</subfield><subfield code="x">14</subfield></datafield><datafield ind1="1" ind2=" " tag="948"><subfield code="a">20150128</subfield><subfield code="b">l</subfield><subfield code="d">cac2</subfield><subfield code="e">lts</subfield></datafield><datafield ind1=" " ind2=" " tag="950"><subfield code="l">OLIN</subfield><subfield code="a">P1</subfield><subfield code="b">.F77</subfield><subfield code="f">RPL 04ma80 ew 1313337</subfield><subfield code="i">08/12/85 N</subfield><subfield code="h">01/01/01 N</subfield></datafield></record>